<?xml version="1.0" encoding="UTF-8"?><collection xmlns="http://www.loc.gov/MARC21/slim"><record><leader>00479nam--2200109-i-4500</leader><controlfield tag="001">000045886</controlfield><controlfield tag="002">20161230</controlfield><controlfield tag="005">20161230201045</controlfield><controlfield tag="008">060222s1000------------r-----000-0-eng-d</controlfield><datafield ind1=" " ind2=" " tag="245"><subfield code="a">Valeurs limites et caracteristiques essentieles des dispositifs a semiconducteurs et principes generaux des methodes de mesures: 1-ere partie: valeurs limites et caracteristiques essentielles</subfield></datafield><datafield ind1=" " ind2=" " tag="260"><subfield code="a">Geneve, Bureau Central De La Commission Electrotechniques Internationale, 1963, 21p</subfield></datafield><datafield ind1=" " ind2=" " tag="852"><subfield code="a">21938</subfield></datafield></record></collection>